@book{dunn_3d_2011,
  title={3D math primer for graphics and game development},
  author={Dunn, Fletcher and Parberry, Ian},
  year={2011},
  publisher={CRC Press},
  comment={3D数学基础，非常有用}
}

@book{peter_rvc_2017,
	title = {Robotics, Vision and Control},
	author={Peter Corke},
	year={2017},
    publisher= {Springer},
	doi={10.1007/978-3-319-54413-7},
	langid = {english},
	file = {Snapshot:/mnt/disk_db/Zotero/storage/5WEJGC9F/978-3-319-54413-7.html:text/html},
}

@book{quan_multicopter_2017,
  title={Introduction to multicopter design and control},
  author={Quan Quan},
  year={2017},
  doi={10.1007/978-981-10-3382-7},
  publisher={Springer},
  comment={多旋翼飞控设计}
}

@book{lengyel_3d_2012,
  title={Mathematics for 3D Game Programming and Computer Graphics},
  author={Lengyel, E.},
  isbn={9781435458864},
  lccn={2011924487},
  series={Game development series},
  url={https://books.google.com.tw/books?id=WHzGuQAACAAJ},
  year={2012},
  publisher={Course Technology}
}

@book{roithmayr_dynamics_2015,
	title = {Dynamics: Theory and Application of Kane’s Method},
	author = {Roithmayr, Carlos M. and Hodges, Dewey H.},
	edition = {1},
	isbn = {978-1-107-00569-3 978-1-139-04752-4},
	url = {https://www.cambridge.org/core/product/identifier/9781139047524/type/book},
	shorttitle = {Dynamics},
	publisher = {Cambridge University Press},
	urldate = {2023-05-29},
	date = {2015-03-31},
	doi = {10.1017/CBO9781139047524},
}

@inproceedings{shi_matrix_2022,
  author       = {ZhengPu Shi and Gang Chen},
  editor       = {Dong Wei and Jean{-}Pierre Talpin},
  title        = {Integration of Multiple Formal Matrix Models in Coq},
  booktitle    = {Dependable Software Engineering. Theories, Tools, and Applications
                  - 8th International Symposium, {SETTA} 2022, Beijing, China, October
                  27-29, 2022, Proceedings},
  series       = {Lecture Notes in Computer Science},
  volume       = {13649},
  pages        = {169--186},
  publisher    = {Springer},
  year         = {2022},
  doi          = {10.1007/978-3-031-21213-0_11},
  comment={Coq中矩阵形式化方案的对比，帮助技术选型}
}

@article{li_geometric_2019,
	title = {Formalization of Geometric Algebra in {HOL} Light},
	volume = {63},
	issn = {0168-7433, 1573-0670},
	url = {http://link.springer.com/10.1007/s10817-018-9498-9},
	doi = {10.1007/s10817-018-9498-9},
	pages = {787--808},
	number = {3},
	journaltitle = {Journal of Automated Reasoning},
	shortjournal = {J Autom Reasoning},
	author = {Li, LiMing and Shi, ZhiPing and Guan, Yong and Zhang, QianYing and Li, Yong-Dong},
	urldate = {2023-05-03},
	date = {2019-10},
	langid = {english},
	comment={在HOL Light中对几何代数的较抽象的形式化，把四元数的作为具体应用}
}

@article{diebel_attitude_2006,
	title = {Representing Attitude: Euler Angles, Unit Quaternions, and Rotation Vectors},
	author = {Diebel, James},
    year={2006},
    publisher={Citeseer},
	langid = {english},
	comment={很全面的数学描述。我找不到Matrix的期刊或会议，但是该文章的引用确实是这么写的。}
}

@inproceedings{pham_triangle_2010,
	location = {Sierre Switzerland},
	title = {Similar triangles and orientation in plane elementary geometry for Coq-based proofs},
	isbn = {978-1-60558-639-7},
	url = {https://dl.acm.org/doi/10.1145/1774088.1774358},
	doi = {10.1145/1774088.1774358},
	eventtitle = {{SAC}'10: The 2010 {ACM} Symposium on Applied Computing},
	pages = {1268--1269},
	booktitle = {Proceedings of the 2010 {ACM} Symposium on Applied Computing},
	publisher = {{ACM}},
	author = {Pham, Tuan Minh},
	urldate = {2023-05-03},
	date = {2010-03-22},
	langid = {english},
	comment={Coq中相似三角形，以及两个定理}
}

@article{gu_orien_lie_1990,
	title = {An exploration of orientation representation by Lie algebra for robotic applications},
	volume = {20},
	issn = {2168-2909},
	doi = {10.1109/21.47824},
	pages = {243--248},
	number = {1},
	journaltitle = {{IEEE} Transactions on Systems, Man, and Cybernetics},
	author = {Gu, Y.L.},
	date = {1990-01},
	note = {Conference Name: {IEEE} Transactions on Systems, Man, and Cybernetics},
	keywords = {Acceleration, Algebra, Angular velocity, Computer applications, Equations, Jacobian matrices, Quaternions, Robot kinematics, Trajectory, Vectors},
	comments={使用李代数来研究朝向表示，理论性较强}
}

@inproceedings{campa_pose_2009,
	title = {Pose control of robot manipulators using different orientation representations: A comparative review},
	doi = {10.1109/ACC.2009.5160254},
	shorttitle = {Pose control of robot manipulators using different orientation representations},
	eventtitle = {2009 American Control Conference},
	pages = {2855--2860},
	booktitle = {2009 American Control Conference},
	author = {Campa, Ricardo and de la Torre, Hussein},
	date = {2009-06},
	note = {{ISSN}: 2378-5861},
	keywords = {Quaternions, Robot kinematics, Error correction, Fasteners, Geometry, Manipulators, Orbital robotics, Position control, Robot control, Wrist},
	comments={多种朝向表示方法的综述}
}

@article{xie_formal_2023,
	title = {Formal Verification of Robot Rotary Kinematics},
	volume = {12},
	rights = {http://creativecommons.org/licenses/by/3.0/},
	issn = {2079-9292},
	url = {https://www.mdpi.com/2079-9292/12/2/369},
	doi = {10.3390/electronics12020369},
	pages = {369},
	number = {2},
	journaltitle = {Electronics},
	author = {Xie, Guojun and Yang, Huanhuan and Deng, Hao and Shi, Zhengpu and Chen, Gang},
	urldate = {2023-05-29},
	date = {2023-01},
	langid = {english},
	note = {Number: 2
Publisher: Multidisciplinary Digital Publishing Institute},
	keywords = {Coq Proof Assistant, formal verification, robot rotary kinematics, Rodriguez formula},
	comments={机器人旋转运动学，绕固定轴连续旋转时参数的管理}
}

@article{hietala_quantum_2021,
	title = {A verified optimizer for Quantum circuits},
	author = {Kesha Hietala and Robert Rand and Shih-Han Hung and Xiaodi Wu and Michael Hicks},
	doi = {10.1145/3434318},
	url = {https://doi.org/10.1145/3434318},
	year = 2021,
	month = {jan},
	publisher = {Association for Computing Machinery ({ACM})},
	volume = {5},
	number = {{POPL}},
	pages = {1--29},
	journal = {Proceedings of the {ACM} on Programming Languages},
	comments={在Coq中使用函数式风格实现矩阵}
}

@techreport{mathcomp,
  TITLE = {{A Small Scale Reflection Extension for the Coq system}},
  AUTHOR = {Gonthier, Georges and Mahboubi, Assia and Tassi, Enrico},
  URL = {https://inria.hal.science/inria-00258384},
  TYPE = {Research Report},
  NUMBER = {RR-6455},
  YEAR = {2008},
  PDF = {https://inria.hal.science/inria-00258384v12/file/main.pdf},
  HAL_ID = {inria-00258384},
  HAL_VERSION = {v12},
}

@misc{coqofficial,
  title = {{Coq Proof Assistant}},
  howpublished = {{Official Documentation}},
  note = {{Available online: \url{https://coq.inria.fr}}}
}

@article{wiedijk_formal_2008,
	title = {{Formal proof—getting started}},
	volume = {55},
	issn = {0002-9920},
	url = {https://mathscinet.ams.org/mathscinet-getitem?mr=2463993},
	pages = {1408--1417},
	number = {11},
	journaltitle = {Notices of the American Mathematical Society},
	shortjournal = {Notices Amer. Math. Soc.},
	author = {Wiedijk, Freek},
	urldate = {2023-05-29},
	date = {2008},
	mrnumber = {2463993},
}

@article{chen_fm_2016,
	title = {Formalized Mathematics and Proof Engineering(in Chinese)},
	volume = {12},
	number = {9},
	journaltitle = {Communications of The CCF},
	author = {Gang Chen},
	date = {2016-09},
	comments={形式化数学和证明工程,中国计算机学会通讯,陈钢}
}

@Article{ma_blockmatrix_2021,
    title = {Formalization of Operations of Block Matrix Based on Coq},
    author = {YingYing Ma and ZhenWei Ma and Gang Chen},
    journal = {Journal of Software},
    volume = {32},
    number = {6},
    pages = {1882},
    numpages = {28.0000},
    year = {2021},
    month = {06},
    doi = {10.13328/j.cnki.jos.006255},
    publisher = {}
}

@article{ma_recordmatrix_2019,
    author = {ZhenWei Ma and Gang Chen},
    title = {Matrix Formalization Based on Coq Record},
    publisher = {Computer Science},
    year = {2019},
    journal = {Computer Science},
    volume = {46},
    number = {7},
    eid = {139},
    numpages = {6},
    pages = {139},
    keywords = {Coq;Matrix;Formal verification;Theorem proving;Record type},
    url = {https://www.jsjkx.com/EN/abstract/article_18407.shtml},
    doi = {10.11896/j.issn.1002-137X.2019.07.022}
} 

@Article{ma_matrix2c_2022,
    title = {Coq-based Matrix Code Generation Technology},
    author = {YingYing Ma and Gang Chen},
    journal = {Journal of Software},
    volume = {33},
    number = {6},
    pages = {2224},
    numpages = {23.0000},
    year = {2022},
    month = {6},
    doi = {10.13328/j.cnki.jos.006579},
    publisher = {}
}